<record><leader>00000cas a22000007a 4500</leader><controlfield tag="001">15051917</controlfield><controlfield tag="008">870109d19621970alucr ne      0    0eng d</controlfield><datafield ind1=" " ind2=" " tag="010"><subfield code="a">sn 87050011 </subfield></datafield><datafield ind1=" " ind2=" " tag="040"><subfield code="a">AAR</subfield><subfield code="b">eng</subfield><subfield code="c">AAR</subfield><subfield code="d">CPN</subfield><subfield code="d">OCLCQ</subfield></datafield><datafield ind1=" " ind2=" " tag="042"><subfield code="a">msc</subfield></datafield><datafield ind1="0" ind2="0" tag="245"><subfield code="a">Sentinel-age.</subfield></datafield><datafield ind1=" " ind2=" " tag="260"><subfield code="a">Scottsboro, Ala. :</subfield><subfield code="b">Fred Bucheit,</subfield><subfield code="c">1962-1970.</subfield></datafield><datafield ind1=" " ind2=" " tag="300"><subfield code="a">v.</subfield></datafield><datafield ind1=" " ind2=" " tag="310"><subfield code="a">Semiweekly,</subfield><subfield code="b">&lt;Aug. 7, 1969-July 12, 1970&gt;</subfield></datafield><datafield ind1=" " ind2=" " tag="321"><subfield code="a">Semiweekly,</subfield><subfield code="b">&lt;Mar. 1, 1962-Nov. 17, 1968&gt;</subfield></datafield><datafield ind1=" " ind2=" " tag="321"><subfield code="a">Triweekly,</subfield><subfield code="b">&lt;Nov. 19, 1968-Aug. 3, 1969&gt;</subfield></datafield><datafield ind1="0" ind2=" " tag="362"><subfield code="a">Vol. 1, no. 1 (Mar. 1, 1962)-v. 9, no. 56 (July 12, 1970).</subfield></datafield><datafield ind1=" " ind2=" " tag="752"><subfield code="a">United States</subfield><subfield code="b">Alabama</subfield><subfield code="c">Jackson</subfield><subfield code="d">Scottsboro.</subfield></datafield><datafield ind1="0" ind2="4" tag="780"><subfield code="t">Progressive age (Scottsboro, Ala.)</subfield><subfield code="w">(DLC)sn 87050009</subfield></datafield><datafield ind1="0" ind2="4" tag="780"><subfield code="t">Jackson county sentinel</subfield><subfield code="w">(DLC)sn 87050010</subfield></datafield><datafield ind1="0" ind2="0" tag="785"><subfield code="t">Daily sentinel (Scottsboro, Ala.)</subfield><subfield code="w">(DLC)sn 85044575</subfield></datafield></record>